@article{sihombing2021comparison,
  title={Comparison of machine learning methods in classifying poverty in Indonesia in 2018},
  author={Sihombing, Pardomuan Robinson and Arsani, Ade Marsinta},
  journal={Jurnal Teknik Informatika (Jutif)},
  volume={2},
  number={1},
  pages={51--56},
  year={2021}
}